<record><leader>00000cas a22000007a 4500</leader><controlfield tag="001">41325082</controlfield><controlfield tag="008">990507d190u1903sdudn ne      0    0eng d</controlfield><datafield ind1=" " ind2=" " tag="010"><subfield code="a">sn 99062895 </subfield></datafield><datafield ind1=" " ind2=" " tag="040"><subfield code="a">SXN</subfield><subfield code="b">eng</subfield><subfield code="c">SXN</subfield><subfield code="d">OCLCQ</subfield><subfield code="d">OCLCF</subfield><subfield code="d">OCLCO</subfield></datafield><datafield ind1=" " ind2=" " tag="042"><subfield code="a">msc</subfield></datafield><datafield ind1=" " ind2=" " tag="043"><subfield code="a">n-us-sd</subfield></datafield><datafield ind1="0" ind2="0" tag="245"><subfield code="a">Yankton press and Dakotan and the Yankton daily gazette.</subfield></datafield><datafield ind1="3" ind2="0" tag="246"><subfield code="a">Press and Dakotan and Yankton daily gazette</subfield></datafield><datafield ind1="1" ind2="7" tag="246"><subfield code="a">Daily press and Dakotan and gazette</subfield></datafield><datafield ind1=" " ind2=" " tag="260"><subfield code="a">Yankton, S.D. :</subfield><subfield code="b">W.C. Lusk</subfield></datafield><datafield ind1=" " ind2=" " tag="300"><subfield code="a">v.</subfield></datafield><datafield ind1=" " ind2=" " tag="310"><subfield code="a">Daily (except Sun.)</subfield></datafield><datafield ind1="0" ind2=" " tag="362"><subfield code="a">-29th year, no. 16 (May 15, 1903).</subfield></datafield><datafield ind1=" " ind2=" " tag="530"><subfield code="a">Available on microfilm from: State Archives, South Dakota State Historical Society.</subfield></datafield><datafield ind1=" " ind2=" " tag="580"><subfield code="a">Formed by the union of: Yankton press and Dakotan, and: Yankton daily gazette.</subfield></datafield><datafield ind1=" " ind2=" " tag="588"><subfield code="a">Description based on: 29th year, no. 4 (May 1, 1903).</subfield></datafield><datafield ind1=" " ind2="0" tag="651"><subfield code="a">Yankton (S.D.)</subfield><subfield code="v">Newspapers.</subfield></datafield><datafield ind1=" " ind2="0" tag="651"><subfield code="a">Yankton County (S.D.)</subfield><subfield code="v">Newspapers.</subfield></datafield><datafield ind1=" " ind2="7" tag="655"><subfield code="a">Newspapers.</subfield><subfield code="2">fast</subfield><subfield code="0">(OCoLC)fst01423814</subfield></datafield><datafield ind1=" " ind2="7" tag="651"><subfield code="a">South Dakota</subfield><subfield code="z">Yankton.</subfield><subfield code="2">fast</subfield><subfield code="0">(OCoLC)fst01228901</subfield></datafield><datafield ind1=" " ind2="7" tag="651"><subfield code="a">South Dakota</subfield><subfield code="z">Yankton County.</subfield><subfield code="2">fast</subfield><subfield code="0">(OCoLC)fst01207911</subfield></datafield><datafield ind1=" " ind2=" " tag="752"><subfield code="a">United States</subfield><subfield code="b">South Dakota</subfield><subfield code="c">Yankton</subfield><subfield code="d">Yankton.</subfield></datafield><datafield ind1="1" ind2="4" tag="780"><subfield code="t">Yankton press and Dakotan</subfield><subfield code="w">(DLC)sn 91099609</subfield></datafield><datafield ind1="1" ind2="4" tag="780"><subfield code="t">Yankton daily gazette</subfield><subfield code="w">(DLC)sn 99062885</subfield></datafield><datafield ind1="0" ind2="0" tag="785"><subfield code="t">Daily press and Dakotan-gazette</subfield><subfield code="w">(DLC)sn 99062896</subfield></datafield></record>